<record><leader>00000cas a22000007a 4500</leader><controlfield tag="001">11143748</controlfield><controlfield tag="008">840912c19849999mnuwr ne      0   a0eng d</controlfield><datafield ind1=" " ind2=" " tag="010"><subfield code="a">sn 84007155 </subfield></datafield><datafield ind1=" " ind2=" " tag="040"><subfield code="a">NSD</subfield><subfield code="b">eng</subfield><subfield code="c">NSD</subfield><subfield code="d">MN#</subfield><subfield code="d">OCLCQ</subfield><subfield code="d">OCLCF</subfield><subfield code="d">OCLCO</subfield></datafield><datafield ind1=" " ind2=" " tag="012"><subfield code="m">1</subfield></datafield><datafield ind1="1" ind2=" " tag="022"><subfield code="a">8750-2267</subfield><subfield code="l">8750-2267</subfield><subfield code="2">1</subfield></datafield><datafield ind1="1" ind2=" " tag="029"><subfield code="a">AU@</subfield><subfield code="b">000020337891</subfield></datafield><datafield ind1=" " ind2=" " tag="032"><subfield code="a">270320</subfield><subfield code="b">USPS</subfield></datafield><datafield ind1=" " ind2=" " tag="037"><subfield code="b">Isanti County News, Isanti, MN 55040</subfield></datafield><datafield ind1=" " ind2=" " tag="042"><subfield code="a">nsdp</subfield></datafield><datafield ind1=" " ind2=" " tag="043"><subfield code="a">n-us-mn</subfield></datafield><datafield ind1=" " ind2=" " tag="052"><subfield code="a">4144</subfield><subfield code="b">I76</subfield></datafield><datafield ind1=" " ind2=" " tag="052"><subfield code="a">4143</subfield><subfield code="b">I7</subfield></datafield><datafield ind1=" " ind2="0" tag="222"><subfield code="a">Isanti County news</subfield></datafield><datafield ind1="0" ind2="0" tag="245"><subfield code="a">Isanti County news.</subfield></datafield><datafield ind1="1" ind2="7" tag="246"><subfield code="a">American-News</subfield></datafield><datafield ind1=" " ind2=" " tag="260"><subfield code="a">Isanti, MN :</subfield><subfield code="b">Scotsman Pub. Co.,</subfield><subfield code="c">1984-</subfield></datafield><datafield ind1=" " ind2=" " tag="300"><subfield code="a">v.</subfield></datafield><datafield ind1=" " ind2=" " tag="310"><subfield code="a">Weekly</subfield></datafield><datafield ind1="0" ind2=" " tag="362"><subfield code="a">Vol. 84, no. 23 (July 26, 1984)-</subfield></datafield><datafield ind1=" " ind2=" " tag="530"><subfield code="a">Available on microfilm from the Minnesota Historical Society.</subfield></datafield><datafield ind1=" " ind2=" " tag="588"><subfield code="a">Description based on: Vol. 84, no. 28 (Thursday, Aug. 30, 1984).</subfield></datafield><datafield ind1=" " ind2="0" tag="651"><subfield code="a">Isanti (Minn.)</subfield><subfield code="v">Newspapers.</subfield></datafield><datafield ind1=" " ind2="7" tag="655"><subfield code="a">Newspapers.</subfield><subfield code="2">fast</subfield><subfield code="0">(OCoLC)fst01423814</subfield></datafield><datafield ind1=" " ind2="7" tag="651"><subfield code="a">Minnesota</subfield><subfield code="z">Isanti.</subfield><subfield code="2">fast</subfield><subfield code="0">(OCoLC)fst01261811</subfield></datafield><datafield ind1=" " ind2=" " tag="752"><subfield code="a">United States</subfield><subfield code="b">Minnesota</subfield><subfield code="c">Isanti</subfield><subfield code="d">Isanti.</subfield></datafield><datafield ind1="0" ind2="0" tag="780"><subfield code="t">Isanti news</subfield><subfield code="w">(DLC)sn 90059253</subfield><subfield code="w">(OCoLC)1642459</subfield></datafield><datafield ind1=" " ind2=" " tag="936"><subfield code="a">Aug. 30, 1984</subfield></datafield></record>